<record><leader>00000cas a22000007a 4500</leader><controlfield tag="001">16637897</controlfield><controlfield tag="008">870903c19389999ohudn ne      0   a0eng  </controlfield><datafield ind1=" " ind2=" " tag="010"><subfield code="a">sn 87075041 </subfield></datafield><datafield ind1=" " ind2=" " tag="040"><subfield code="a">ONP</subfield><subfield code="b">eng</subfield><subfield code="c">ONP</subfield><subfield code="d">OCLCQ</subfield><subfield code="d">DLC</subfield></datafield><datafield ind1=" " ind2=" " tag="012"><subfield code="l">1</subfield></datafield><datafield ind1="1" ind2=" " tag="022"><subfield code="a">2332-4872</subfield><subfield code="2">1</subfield></datafield><datafield ind1=" " ind2=" " tag="037"><subfield code="b">Lucy Burcham, 9300 Johnson Road, Athens, Ohio 45701</subfield><subfield code="c">$0.75 (single issue)</subfield><subfield code="c">$1.00 (single issue, Sunday)</subfield><subfield code="c">$12.00 (1 month)</subfield><subfield code="c">$35.00 (3 months)</subfield><subfield code="c">$66.00 (6 months)</subfield><subfield code="c">$126.00 (12 months)</subfield></datafield><datafield ind1=" " ind2=" " tag="042"><subfield code="a">pcc</subfield><subfield code="a">nsdp</subfield></datafield><datafield ind1="1" ind2="0" tag="050"><subfield code="a">ISSN RECORD</subfield></datafield><datafield ind1="1" ind2="0" tag="082"><subfield code="a">071</subfield><subfield code="2">23</subfield></datafield><datafield ind1=" " ind2="4" tag="222"><subfield code="a">The Logan daily news</subfield></datafield><datafield ind1="0" ind2="4" tag="245"><subfield code="a">The Logan daily news.</subfield></datafield><datafield ind1=" " ind2=" " tag="260"><subfield code="a">Logan, Ohio :</subfield><subfield code="b">R. Kenneth Kerr,</subfield><subfield code="c">1938-</subfield></datafield><datafield ind1="3" ind2=" " tag="260"><subfield code="3">&lt;2013-&gt;:</subfield><subfield code="a">Logan, Ohio :</subfield><subfield code="b">Lucy Burcham</subfield></datafield><datafield ind1=" " ind2=" " tag="310"><subfield code="a">Daily (except Sun.),</subfield><subfield code="b">Apr. 4, 1938-</subfield></datafield><datafield ind1=" " ind2=" " tag="321"><subfield code="a">Daily (except Sat. and Sun.),</subfield><subfield code="b">Mar. 28, 1938-Apr. 1, 1938</subfield></datafield><datafield ind1="0" ind2=" " tag="362"><subfield code="a">106th year, no. 60 (Mar. 28, 1938)-</subfield></datafield><datafield ind1=" " ind2=" " tag="500"><subfield code="a">Title from caption.</subfield></datafield><datafield ind1=" " ind2=" " tag="588"><subfield code="a">Latest issue consulted: Vol. 172, no. 197 (Oct. 10, 2013).</subfield></datafield><datafield ind1=" " ind2=" " tag="752"><subfield code="a">United States</subfield><subfield code="b">Ohio</subfield><subfield code="c">Hocking</subfield><subfield code="d">Logan.</subfield></datafield><datafield ind1="0" ind2="0" tag="780"><subfield code="t">Logan daily news and the Democratic-sentinel</subfield><subfield code="w">(DLC)sn 87075042</subfield><subfield code="w">(OCoLC)16637903</subfield></datafield><datafield ind1="4" ind2="2" tag="856"><subfield code="u">http://www.logandaily.coom</subfield></datafield></record>